@book{jurafsky_speech_2017,
	edition = {Third Edition},
	title = {Speech and {Language} {Processing}. {An} {Introduction} to {Natural} {Language} {Processing}, {Computational} {Linguistics}, and {Speech} {Recognition}},
	url = {https://web.stanford.edu/~jurafsky/slp3/},
	urldate = {2018-04-14},
	author = {Jurafsky, Daniel and Martin, James H.},
	year = {2017},
	pages = {350, 354},
	file = {ed3book.pdf:C\:\\Users\\janah\\Zotero\\storage\\8LKHBFEB\\ed3book.pdf:application/pdf;Speech and Language Processing:C\:\\Users\\janah\\Zotero\\storage\\XIFQJIU7\\slp3.html:text/html}
}


@misc{bartsch_linguisticsweb:tutorials:linguistics_tutorials:automaticannotation:stanford_ner_2015,
	title = {Stanford Named Entity Recognizer},
	url = {http://www.linguisticsweb.org/doku.php?id=linguisticsweb:tutorials:linguistics_tutorials:automaticannotation:stanford_ner},
	urldate = {2018-04-16},
	journal = {Stanford Named Entity Recognizer},
	author = {Bartsch and Weber},
	year = {2015},
	file = {linguisticsweb\:tutorials\:linguistics_tutorials\:automaticannotation\:stanford_ner [linguisticsweb.org]:C\:\\Users\\Hamster Jack\\Zotero\\storage\\UVLXDIPX\\doku.html:text/html}
}

@article{benikova_nosta-d_nodate,
	title = {{NoSta}-{D} {Named} {Entity} {Annotation} for {German}: {Guidelines} and {Dataset}},
	url = {https://www.tk.informatik.tu-darmstadt.de/fileadmin/user_upload/Group_LangTech/publications/BenikovaBiemannReznicek_LREC2014_GermanNER.pdf},
	abstract = {We describe the annotation of a new dataset for German Named Entity Recognition (NER). The need for this dataset is motivated by licensing issues and consistency issues of existing datasets. We describe our approach to creating annotation guidelines based on linguistic and semantic considerations, and how we iteratively refined and tested them in the early stages of annotation in order to arrive at the largest publicly available dataset for German NER, consisting of over 31,000 manually annotated sentences (over 591,000 tokens) from German Wikipedia and German online news. We provide a number of statistics on the dataset, which indicate its high quality, and discuss legal aspects of distributing the data as a compilation of citations. The data is released under the permissive CC-BY license, and will be fully available for download in September 2014 after it has been used for the GermEval 2014 shared task on NER. We further provide the full annotation guidelines and links to the annotation tool used for the creation of this resource.},
	language = {en},
	urldate = {2018-04-14},
	author = {Benikova, Darina and Biemann, Chris and Reznicek, Marc},
	pages = {1 of 8},
	year = 2014,
	file = {Benikova et al. - NoSta-D Named Entity Annotation for German Guidel.pdf:C\:\\Users\\Hamster Jack\\Zotero\\storage\\PK7RCSXQ\\Benikova et al. - NoSta-D Named Entity Annotation for German Guidel.pdf:application/pdf}
}

@inproceedings{cunningham_gate:_2002,
	title = {{GATE}: {A} {Framework} and {Graphical} {Development} {Environment} for {Robust} {NLP} {Tools} and {Applications}},
	shorttitle = {{GATE}},
	url = {https://www.researchgate.net/publication/200044237_GATE_A_Framework_and_Graphical_Development_Environment_for_Robust_NLP_Tools_and_Applications},
	booktitle = {Proceedings of the 40th {Anniversary} {Meeting} of the {Association} for {Computational} {Linguistics} ({ACL}'02)},
	author = {Cunningham, Hamish and Maynard, Diana and Bontcheva, Kalina and Tablan, Valentin},
	month = jul,
	year = {2002},
	file = {Full Text PDF:C\:\\Users\\Hamster Jack\\Zotero\\storage\\29BY2VN3\\Cunningham et al. - 2002 - GATE A Framework and Graphical Development Enviro.pdf:application/pdf}
}

@misc{rubsamen_accumulated_nodate,
	title = {Accumulated {Register}. {Regesten} {Kaiser} {Friedrichs} {III}. (1440-1493)},
	url = {http://www.regesta-imperii.de/fileadmin/user_upload/downloads/ri_xiii_komplett.pdf},
	urldate = {2018-04-14},
	publisher = {herausgegeben von Paul-Joachim Heinig, Christian Lackner und Alois Niederst{\"a}tter},
	author = {R{\"u}bsamen, Dieter and Manz, Manz},
	year = 2013
}

@book{debus2012namenkunde,
	address = {Berlin},
	author = {Debus, Friedhelm},
	hdsurl = {https://hds.hebis.de/ulbda/Record/HEB303478446},
	isbn = {3503137181},
	keywords = {},
	series = {Grundlagen der Germanistik},
	title = {Namenkunde und Namengeschichte : eine Einf{\"u}hrung},
	uniqueid = {HEB303478446},
	url = {http://scans.hebis.de/HEBCGI/show.pl?30347844_toc.pdf},
	volume = 51,
	year = 2012
}

@phdthesis{rolker_spiel_2014,
	address = {Ostfildern},
	type = {{PhD} {Thesis}},
	title = {Das {Spiel} der {Namen}. {Familie}, {Verwandtschaft} und {Geschlecht} im sp{\"a}tmittelalterlichen {Konstanz}},
	url = {http://deposit.d-nb.de/cgi-bin/dokserv?id=4743382&prov=M&dok_var=1&dok_ext=htm},
	author = {Rolker, Christof},
	pages = {195ff.},
	year = {2014}
}

